<record><leader>00000cas a22000007a 4500</leader><controlfield tag="001">9696685</controlfield><controlfield tag="008">830713d19831989nyuwr ne      0   a0eng d</controlfield><controlfield tag="009">467</controlfield><datafield ind1=" " ind2=" " tag="010"><subfield code="a">sn 83007987 </subfield></datafield><datafield ind1=" " ind2=" " tag="040"><subfield code="a">NSD</subfield><subfield code="b">eng</subfield><subfield code="c">NSD</subfield><subfield code="d">NYS</subfield><subfield code="d">OCLCQ</subfield></datafield><datafield ind1=" " ind2=" " tag="012"><subfield code="j">0</subfield><subfield code="m">d</subfield></datafield><datafield ind1="1" ind2=" " tag="022"><subfield code="a">0746-0333</subfield><subfield code="l">0746-0333</subfield><subfield code="2">1</subfield></datafield><datafield ind1="1" ind2=" " tag="029"><subfield code="a">AU@</subfield><subfield code="b">000025803674</subfield></datafield><datafield ind1=" " ind2=" " tag="042"><subfield code="a">nsdp</subfield><subfield code="a">msc</subfield></datafield><datafield ind1="0" ind2=" " tag="130"><subfield code="a">Wallkill Valley times (Walden, Orange County, N.Y.)</subfield></datafield><datafield ind1=" " ind2="0" tag="222"><subfield code="a">Wallkill Valley times</subfield><subfield code="b">(Walden, N.Y.)</subfield></datafield><datafield ind1="0" ind2="0" tag="245"><subfield code="a">Wallkill Valley times.</subfield></datafield><datafield ind1=" " ind2=" " tag="260"><subfield code="a">[Walden, N.Y.] :</subfield><subfield code="b">Carl Aiello,</subfield><subfield code="c">1983-1989.</subfield></datafield><datafield ind1=" " ind2=" " tag="300"><subfield code="a">7 v.</subfield></datafield><datafield ind1=" " ind2=" " tag="310"><subfield code="a">Weekly</subfield></datafield><datafield ind1="0" ind2=" " tag="362"><subfield code="a">Vol. 1, no. 1 (Feb. 24, 1983)-v. 7, no. 14 (Apr. 5, 1989).</subfield></datafield><datafield ind1=" " ind2=" " tag="500"><subfield code="a">Published by: Wallkill Valley Publications, &lt;Mar. 24, 1983&gt;.</subfield></datafield><datafield ind1=" " ind2="4" tag="651"><subfield code="a">Walden (Orange County, N.Y.)</subfield><subfield code="v">Newspapers.</subfield></datafield><datafield ind1=" " ind2=" " tag="752"><subfield code="a">United States</subfield><subfield code="b">New York</subfield><subfield code="c">Orange</subfield><subfield code="d">Walden.</subfield></datafield><datafield ind1="0" ind2="0" tag="785"><subfield code="t">Times (Walden, Orange County, N.Y. : Wallkill Valley ed.)</subfield><subfield code="x">1044-291X</subfield><subfield code="w">(DLC)sn 89007002</subfield><subfield code="w">(OCoLC)19784880</subfield></datafield></record>